<record><leader>00000cas a22000007a 4500</leader><controlfield tag="001">13177778</controlfield><controlfield tag="008">860220d19491950inuwr ne      0    0eng d</controlfield><datafield ind1=" " ind2=" " tag="010"><subfield code="a">sn 86058317 </subfield></datafield><datafield ind1=" " ind2=" " tag="040"><subfield code="a">NPI</subfield><subfield code="b">eng</subfield><subfield code="c">NPI</subfield><subfield code="d">OCLCQ</subfield></datafield><datafield ind1=" " ind2=" " tag="042"><subfield code="a">msc</subfield></datafield><datafield ind1="0" ind2=" " tag="130"><subfield code="a">Graphic (Portland, Ind. : 1949)</subfield></datafield><datafield ind1="1" ind2="4" tag="245"><subfield code="a">The graphic.</subfield></datafield><datafield ind1=" " ind2=" " tag="260"><subfield code="a">Portland, Ind. :</subfield><subfield code="b">Graphic Print. Co.,</subfield><subfield code="c">1949-1950.</subfield></datafield><datafield ind1=" " ind2=" " tag="310"><subfield code="a">Weekly</subfield></datafield><datafield ind1="0" ind2=" " tag="362"><subfield code="a">Vol. 1, no. 1 (Nov. 17, 1949)-v. 1, no. 37 (July 27, 1950).</subfield></datafield><datafield ind1=" " ind2=" " tag="752"><subfield code="a">United States</subfield><subfield code="b">Indiana</subfield><subfield code="c">Jay</subfield><subfield code="d">Portland.</subfield></datafield><datafield ind1="0" ind2="7" tag="785"><subfield code="t">Pennville booster</subfield></datafield><datafield ind1="0" ind2="7" tag="785"><subfield code="t">Graphic and Pennville booster</subfield><subfield code="w">(DLC)sn 87056778</subfield></datafield></record>